% http://ctan.uib.no/biblio/bibtex/contrib/doc/btxdoc.pdf


@article{aksne1987,
    author       = "Askne, J. AND Nordius, H.",
    title        = "Estimation of tropospheric delay for microwaves from surface weather data",
    journal      = "Radio Science",
    volume       = "22",
    number       = "3",
    pages        = "379-386", 
    year         = "1987"
}

@misc{antex,
    author       = {Rothacher, M. AND Schmid, R.},
    title        = {ANTEX: The Antenna Exchange Format, Version 1.4},
    url          = {https://igscb.jpl.nasa.gov/igscb/station/general/antex14.txt},
    year         = {2010}
}

@inproceedings{artz2015,
	author       = "Artz, T. AND Halsig, A. AND Iddink, A. AND Nothnagel. A",
	title        = "Numerical issues of VLBI Data Analysis",
	editor       = {"Haas, R. AND Colomer, F."},
    bookTitle    = {Proceedings of the 22nd European VLBI Group for Geodesy and Astrometry Working Meeting,
                    Ponta Delgada, Azores, 18-21 May 2015},
    year         = 2015,
    pages        = {181--184},
    isbn         = {978-989-20-6191-7},
    url          = {http://evga2015.raege.net/EVGA2015\_proceedings.pdf},
}

@article{astropy2013,
   author        = {{Astropy Collaboration} AND Robitaille, T.~P. AND Tollerud, E.~J. AND 
                    Greenfield, P. AND Droettboom, M. AND Bray, E. AND Aldcroft, T. AND 
                    Davis, M. AND Ginsburg, A. AND Price-Whelan, A.~M. AND 
                    Kerzendorf, W.~E. AND Conley, A. AND Crighton, N. AND 
                    Barbary, K. AND Muna, D. AND Ferguson, H. AND Grollier, F. AND 
                    Parikh, M.~M. AND Nair, P.~H. AND Unther, H.~M. AND Deil, C. AND 
                    Woillez, J. AND Conseil, S. AND Kramer, R. AND Turner, J.~E.~H. AND 
                    Singer, L. AND Fox, R. AND Weaver, B.~A. AND Zabalza, V. AND 
                    Edwards, Z.~I. AND Azalee Bostroem, K. AND Burke, D.~J. AND 
                    Casey, A.~R. AND Crawford, S.~M. AND Dencheva, N. AND 
                    Ely, J. AND Jenness, T. AND Labrie, K. AND Lim, P.~L. AND 
                    Pierfederici, F. AND Pontzen, A. AND Ptak, A. AND Refsdal, B. AND 
                    Servillat, M. AND Streicher, O.},
    title        = {Astropy: A community Python package for astronomy},
    journal      = {Astronomy \& Astrophysics},
    year         = 2013,
    month        = oct,
    volume       = 558,
    pages        = {A33},
    doi          = {10.1051/0004-6361/201322068},
    url          = {www.astropy.org},
}
 
@book{beutler2005, 
  title={Methods of Celestial Mechanics, Vol I},
  author={Beutler, Gerhard},
  isbn={3-540-40749-9},
  series={Astronomy and Astrophysics Library},
  year={2005},
  publisher={Springer}
}
 
@misc{bds-sis-icd,
    title        = {BeiDou Navigation Satellite System Signal in Space Interface Control Document - Open Service Signal (Version 2.0)},
    organization = "China Satellite Navigation Office",
    key          = "BDS-SIS-ICD-2.0",
    year         = {2013}
}

@misc{bds-sis-icd-2.1,
    title        = {BeiDou Navigation Satellite System Signal in Space Interface Control Document - Open Service Signal (Version 2.1)},
    organization = "China Satellite Navigation Office",
    key          = "BDS-SIS-ICD-2.1",
    year         = {2016}
}
  
@article{davis1985,
    author       = "Davis, J.L. AND Herring, T.A. AND Shapiro, I.I. AND Rogers, A.E.E. AND Elgered, G.",
    title        = "Geodesy by radio interferometry: Effects of atmospheric modeling errors on estimates of baseline length",
    journal      = "Radio Science",
    volume       = "20",
    number       = "6",
    pages        = "1593-1607", 
    year         = "1985"
}


@article{behrend2013,
        title = {{Data Handling within the International {VLBI} Service}},
       author = {Behrend, D.},
      journal = {Data Science Journal},
       volume = {12},
       number = { },
        pages = {WDS81-WDS84},
         year = {2013},
          doi = {10.2481/dsj.WDS-011}
}

@book{bierman1977,
  title={Factorization Methods for Discrete Sequential Estimation},
  author={Bierman, G.J.},
  isbn={9780080956374},
  series={Mathematics in Science and Engineering},
  year={1977},
  publisher={Elsevier Science}
}

% Republication of the 1977 edition
@book{bierman2006,
  title={Factorization Methods for Discrete Sequential Estimation},
  author={Bierman, G.J.},
  isbn={9780486449814},
  lccn={2007280888},
  series={Dover Books on Mathematics Series},
  year={2006},
  publisher={Dover Publications}
}

@article{boehm2006a,
    author       = {B\"ohm, J. AND Werl, B. AND Schuh, H.},
    title        = {{Troposphere mapping functions for GPS and VLBI from ECMWF operational analysis data}},
    journal      = "GPS Solutions",
    volume       = "111",
    number       = "B02406", 
    note         = "doi:10.1029/2005JB003629",
    year         = "2006"
}

@article{boehm2006b,
    author       = {B\"ohm, J. AND Niell, A. AND Tregoning, P. AND Schuh, H.},
    title        = {{Global Mapping Function (GMF): A new empirical mapping function based on numerical weather model data}},
    journal      = "Geophysical Research Letters",
    volume       = "33",
    number       = "7", 
    note         = "doi:10.1029/2005GL025546",
    year         = "2006"
}

@article{boehm2007,
    author       = {B\"ohm, J. AND Heinkelmann, R. AND Schuh, H.},
    title        = {Short Note: A global model of pressure and temperature for geodetic applications},
    journal      = {Journal of Geodesy},
    volume       = 81,
    number       = 10, 
    pages        = {679--683},
    year         = 2007
}

@inproceedings{boehm2012,
    author       = {B\"ohm, J. AND B\"ohm, S. AND Nilsson, T. AND Pany,
                    A. AND Plank, L. AND Spicakova, H. AND Teke, K. AND Schuh, H.},
    editor       = {Kenyon, Steve AND Pacino, Maria Christina AND Marti, Urs},
    title        = {The New {V}ienna {VLBI} Software {VieVS}},
    bookTitle    = {Geodesy for Planet Earth: Proceedings of the 2009 IAG Symposium,
                    Buenos Aires, Argentina, 31 August 31 - 4 September 2009},
    year         = 2012,
    publisher    = {Springer Berlin Heidelberg},
    address      = {Berlin, Heidelberg},
    pages        = {1007--1011},
    isbn         = {978-3-642-20338-1},
    doi          = {10.1007/978-3-642-20338-1_126},
}

@article{boehm2014,
    author       = {B\"ohm, J. AND Moeller, G. AND Schindelegger, M. AND Pain, G. AND Weber, R.},
    title        = {{Development of an improved blind model for slant delays in the troposphere (GPT2w)}},
    journal      = "Journal of Geophysical Research: Solid Earth",
    volume       = "19",
    note         = "10.1007/s10291-014-0403-7",
    pages        = "433-441", 
    year         = "2014"
}

@article{boehm2015,
    author       = {B\"ohm, J. AND Moeller, G. AND Schindelegger, M. AND Pain, G. AND Weber, R.},
    title        = {Development of an improved empirical model for slant delays in the troposphere ({GPT2w})},
    journal      = {GPS Solutions},
    number       = 19,
    pages        = {433--441}, 
    year         = 2015
}

@misc{erfa,
    author       = {Erik Tollerud AND Sergio Pascual AND Prasanth Nair AND Julien Woillez AND Tim Jenness AND
                    Ole Streicher AND Michael Droettboom},
    title        = {liberfa/erfa},
    edition      = {v1.4.0},
    doi          = {10.5281/zenodo.1021148},
    year         = 2017,
    month        = {June},
    url          = {http://doi.org/10.5281/zenodo.1021148},
 }

@manual{galileo-is-os-2018-jan,
    title        = {{European GNSS (Galileo) initial services - Open service quarterly performance report}},
    organization = {European Union},
    key          = {Galileo-IS-SDD},
    note         = {{January-March 2018}},
    year         = {2018}
}

@manual{galileo-is-os-2018-apr,
    title        = {{European GNSS (Galileo) initial services - Open service quarterly performance report}},
    organization = {European Union},
    key          = {Galileo-IS-SDD},
    note         = {{April-June 2018}},
    year         = {2018}
}

@manual{galileo-os-sdd,
    author       = {Galileo-OS-SDD},
    title        = {{European GNSS (Galileo): Open service - Service definition document }},
    organization = {European Union},
    key          = {Galileo-OS-SDD},
    note         = {{Issue 1.1, May 2019}},
    year         = {2019}
}

@manual{galileo-os-sis-icd,
    author       = {Galileo-OS-SIS-ICD},
    title        = {{European GNSS (Galileo) Open Service Signal In Space Interface Control Document}},
    organization = "European Union",
    key          = "OS SIS ICD, Issue 1.2",
    year         = "2015"
}

@article{gibbs2011,
    author       = {R. G. Gibbs},
    journal      = {IEEE Transactions on Automatic Control},
    title        = {Square Root Modified Bryson-Frazier Smoother},
    year         = {2011},
    volume       = {56},
    number       = {2},
    pages        = {452-456},
    keywords     = {covariance matrices;smoothing methods;QR decomposition;covariance matrix;
                    hyperbolic Householder transformations;square root modified Bryson-Frazier smoother;
                    symmetric matrices;Covariance matrix;Equations;Kalman filters;Mathematical model;
                    Matrix decomposition;Smoothing methods;Symmetric matrices;Estimation;Kalman filtering},
    doi          = {10.1109/TAC.2010.2089753},
    ISSN         = {0018-9286},
    month        = {Feb},
}

@misc{gsc2019,
    author       = {{GSC}},
    title        = {{Galileo Satellite Metadata Website, Galileo Service Center. <https://www.gsc-europa.eu/support-to-developers/galileo-satellite-metadata> (last updated 2019/12/10) }},
    year         = {2019},
}

@book{heng2012,
    author       = {Heng, L.},
    title        = {{Safe satellite navigation with multiple constellations: global monitoring of GPS and GLONASS signal-in-space anomalies}},
    publisher    = {Department of Electrical Engineering, Stanford University},
    year         = {2012}
}

@misc{hilla2010,
    author       = {Steven Hilla},
    title        = {The Extended Standard Product 3 Orbit Format (SP3-c)},
    organization = {National Geodetic Survey,  National Ocean Service, NOAA},
    address      = {Silver Spring, MD 20910-6233, USA},
    url          = {https://igscb.jpl.nasa.gov/igscb/data/format/sp3c.txt},
    year         = 2010
}

@misc{hilla2016,
    author       = {Steve Hilla},
    title        = {The Extended Standard Product 3 Orbit Format (SP3-d)},
    organization = {National Geodetic Survey,  National Ocean Service, NOAA},
    address      = {Silver Spring, MD 20910-6233, USA},
    url          = {https://igscb.jpl.nasa.gov/igscb/data/format/sp3d.pdf},
    year         = 2016
}

@inproceedings{hjelle2018,
    author       = {Geir Arne Hjelle AND Ann-Silje Kirkvik AND Michael D\"ahnn AND Ingrid Fausk},
    title        = {Making Where available to the community},
    booktitle    = {Global Geodesy and the Role of VGOS - Fundamental to Sustainable Development},
    editor       = {Dirk Behrend AND Karen D. Baver AND Kyla L. Armstrong},
    series       = {IVS General Meeting Proceedings},
    organization = {IVS},
    key          = {NASA/CP-2019-219039},
    year         = 2018
}

@article{hobiger2010,
    author       = {Thomas Hobiger AND Toshimichi Otsubo AND Mamoru Sekido AND Tadahiro Gotoh AND
                    Toshihiro Kubooka AND Hiroshi Takiguchi},
    title        = {Fully automated {VLBI} analysis with c5++ for ultra-rapid determination of {UT1}},
    journal      = {Earth, Planets and Space},
    year         = 2010,
    volume       = 62,
    number       = 12,
    pages        = {933--937},
    issn         = {1880-5981},
    doi          = {10.5047/eps.2010.11.008},
}

@book{hofmann2008,
    author       = {Hofmann-Wellenhof, B. AND Lichtenegger, H. AND Wasle, E.},
    title        = {{GNSS - Global Navigation Satellite Systems, GPS GLONASS, Galileo, and more}},
    publisher    = {SpringerWienNew York},
    year         = {2008}
}

@phdthesis{hofmeister2016,
    author       = {Armin Hofmeister},
    title        = {Determination of path delays in the atmosphere for geodetic VLBI by means of ray-tracing},
    school       = {Technische Universit\"at Wien},
    year         = {2016},
    url          = {http://resolver.obvsg.at/urn:nbn:at:at-ubtuw:1-3444}
}

@book{icrf2,
    editor       = {Alan Fey AND David Gordon AND Christopher S. Jacobs},
    title        = {The Second Realization of the International Celestial Reference Frame by Very Long Baseline Interferometry},
    series       = {IERS Technical Note},
    volume       = {35},
    publisher    = {Frankfurt am Main: Verlag des Bundesamts f\"ur Kartographie und Geod\"asie},
    pages        = {204},
    isbn         = {3-89888-918-6},
    url          = {www.iers.org/IERS/EN/Publications/TechnicalNotes/tn35.html},
    year         = {2009}
}

@misc{iers_software,
    author       = {{IERS contributors}},
    title        = {{IERS} Software Collection},
    url          = {ftp://maia.usno.navy.mil/conventions/2010},
}

@book{iers2010,
    editor       = {Gérard Petit and Brian Luzum},
    title        = {{IERS} Conventions},
    series       = {IERS Technical Note},
    volume       = 36,
    publisher    = {Frankfurt am Main: Verlag des Bundesamts f\"ur Kartographie und Geod\"asie},
    pages        = 179,
    isbn         = {3-89888-989-6},
    url          = {www.iers.org/IERS/EN/Publications/TechnicalNotes/tn36.html},
    year         = 2010
}

@manual{irnss-icd-sps,
    title        = {{Indian Regional Navigation Satellite System - Signal in space ICD for standard positioning service}},
    organization = "ISRO Satellite Centre, Indian Space Research Organization, Bangalore",
    key          = "Version 1.0",
    year         = "2014"
}

@manual{is-gps-200h,
    title        = {Interface specification IS-GPS-200, Navstar GPS Space Segment/Navigation User Interfaces},
    organization = {Global Positioning Systems Directorate Systems Engineering \& Integration},
    key          = {IS-GPS-200H},
    year         = {2013}
}

@manual{is-qzss,
    title        = {{Quasi-Zenith Satellite System - Inferface specification: Satellite Positioning, Navigation and Timing Service}},
    organization = "Japan Aerospace Exploration Agency",
    key          = "IS-QZSS-PNT-001",
    year         = "2017"
}

@manual{is-qzss-pnt-001,
    title        = {Quasi-Zenith Satellite System Navigation System - Interface specification for {QZSS}},
    organization = {Cabinet Office},
    key          = {IS-QZSS Ver. 1.8},
    year         = 2016,
}

@misc{jplephem,
    author       = {Brandon Rhodes},
    title        = {jplephem},
    url          = {http://pypi.python.org/pypi/jplephem},
}

@inproceedings{kierulf2010,
    author       = {Halfdan Pascal Kierulf AND Per-Helge Andersen AND Sarah Boeckmann AND Oddgeir Kristiansen},
    title        = {{VLBI} Analysis with the Multi-technique Software {GEOSAT}},
    editor       = {Dirk Behrend and Karen D. Baver},
    series       = {IVS General Meeting Proceedings},
    booktitle    = {VLBI2010: From Vision to Reality},
    organization = {IVS},
    volume       = {NASA/CP-2010-215864},
    pages        = {207--211},
    year         = 2010,
    url          = {ivscc.gsfc.nasa.gov/publications/gm2010/kierulf.pdf}
}

@inproceedings{kirkvik2017a,
    author       = {Ann-Silje Kirkvik},
    title        = {Norwegian Mapping Authority Analysis Center {IVS} Biennial Report 2015--2016},
    booktitle    = {International VLBI Service for Geodesy and Astrometry 2015+2016 Biennial Report},
    year         = {2017},
    editor       = {Baver, K. D. AND Behrend, D. AND Armstrong, K. L.},
    key          = {NASA/TP-2017-219021}
}

@inproceedings{kirkvik2017b,
    author       = {Kirkvik, A.-S. AND Hjelle, G.A AND D\"ahnn, M. AND Fausk, I. AND Mysen, E.},
    title        = {Where - A New Software for Geodetic Analysis},
    editor       = {Haas, R. AND Elgered, G.},
    booktitle    = {Proceedings of the 23rd European VLBI Group for Geodesy and Astrometry Working Meeting},
    isbn         = {978-91-88041-09-8},
    year         = {2017}
}

@inproceedings{kirkvik2018,
    author       = {Ann-Silje Kirkvik AND Geir Arne Hjelle AND {\AA}smund Skj{\ae}veland AND Michael D\"ahnn AND
                    Ingrid Fausk},
    title        = {{NMA} Analysis Center -- Progress Report},
    booktitle    = {Global Geodesy and the Role of VGOS - Fundamental to Sustainable Development},
    editor       = {Dirk Behrend AND Karen D. Baver AND Kyla L. Armstrong},
    series       = {IVS General Meeting Proceedings},
    organization = {IVS},
    key          = {NASA/CP-2019-219039},
    year         = 2018
}

@inproceedings{kirkvik2019,
    author       = {Ann-Silje Kirkvik},
    title        = {Norwegian Mapping Authority Analysis Center {IVS} Biennial Report 2017--2018},
    booktitle    = {International VLBI Service for Geodesy and Astrometry 2017+2018 Biennial Report},
    year         = {2020},
    editor       = {Baver, K. D. AND Behrend, D. AND Armstrong, K. L.},
    key          = {NASA/TP-2020-219041}
}

@inproceedings{kirkvik2021,
    author       = {Ann-Silje Kirkvik AND Michael D\"ahnn AND Ingrid Fausk},
    title        = {First results from the new station NYALE13S},
    booktitle    = {Proceedings of the 25th European VLBI Group for Geodesy and Astrometry Working Meeting},
    year         = {2021},
    editor       = {Haas, R.},
    isbn         = {78-91-88041-41-8}
}

@inproceedings{klopotek2016,
    author       = {Klopotek, G. AND Artz, T. AND Bellanger, A. AND Bourda, G. AND Gerstl, M. AND Gordon, D. AND 
                    Haas, R. AND Halsig, S. AND Hjelle, G.A. AND Hobiger, T. AND Hugentobler, U. AND Iddink, A. AND
                    Kirkvik, A.S. AND Lambert, S. AND Plank, L. AND Schmid, R. AND Shu, F. AND Titov, O. AND 
                    Tong, F. AND Wang, G. AND Xu, M. AND Zheng, W.},
    title        = {Results from the {VLBI} Analysis Software Comparison Campaign 2015},
    editor       = {Dirk Behrend AND Karen D. Baver AND Kyla L. Armstrong},
    series       = {IVS General Meeting Proceedings},
    booktitle    = {New Horizons with VGOS},
    organization = {IVS},
    volume       = {NASA/CP-2016-219016},
    pages        = {203--207},
    year         = 2016,
    url          = {https://ivscc.gsfc.nasa.gov/pub/general-meeting/2016/pdf/042_klopotek_etal.pdf}
}

@article{kouba2007,
    author       = "Kouba, J.",
    title        = "{Implementation and testing of the gridded Vienna Mapping Function 1 (VMF1)}",
    journal      = "Journal of Geodesy",
    volume       = "82",
    pages        = "193-205",
    note         = "DOI: 10.1007/s00190-007-0170-0",
    year         = "2007"
}

@article{lagler2013,
    author       = {Lagler, K. AND Schindelegger, M. AND B\"ohm, J. AND Kr\'asn\'a, H. AND Nilsson, T.},
    title        = "{GPT2}: Empirical slant delay model for radio space geodetic techniques",
    journal      = "Geophysical Research Letters",
    volume       = "40",
    pages        = "1069-1073",
    year         = "2013"
}

@book{landau1988,
    author       = "Landau, H.",
    title        = {{Zur Nutzung des Global Positioning Systems in Geod\"asie und Geodynamik: Modellbildung, Software-Entwicklung und Analyse}},
    publisher    = {Studiengang Vermessungswesen, Universit\"at der Bundeswehr M\"unchen},
    volume       = "36",
    year         = "1988"
}

@book{montenbruck2012,
    author       = {Montenbruck, O. AND Gill, E.},
    title        = {Satellite Orbits: Models, Methods and Applications},
    publisher    = {Springer Heidelberg New York Dordrecht London},
    isbn         = {978-3-540-67280-7},
    note         = {DOI 10.1007/978-3-642-58351-3},
    year         = {2012}
}

@article{montenbruck2015a,
    author       = {Montenbruck, O. AND Schmid, R. AND Mercier, F. AND Steigenberger, P. AND Noll, C. AND Fatkulin, R. AND Kogure, S. AND Ganeshan, A. S.},
    title        = {{GNSS satellite geometry and attitude models}},
    journal      = {Advances in Space Research},
    volume       = {56},
    number       = {6},
    pages        = {1015-1029},
    year         = {2015}
}

@article{montenbruck2015b,
    author       = {Montenbruck, O. AND Steigenberger, P. AND Hauschild, A.},
    title        = {Broadcast versus precise ephemerides: a multi-GNSS perspective},
    journal      = {GPS Solutions},
    number       = {19},
    pages        = {321-333}, 
    doi          = {10.1007/s10291-014-0390-8},
    year         = {2015}
}

@article{montenbruck2018,
    author       = {Montenbruck, O. AND Steigenberger, P. AND Hauschild, A.},
    title        = {{Multi-GNSS Signal-in-Space Range Error Assessment - Methodology Results}},
    journal      = {Advances in Space Research},
    volume       = {61},
    number       = {12},
    pages        = {3020-3038}, 
    note         = {DOI 10.1016/j.asr.2018.03.041},
    year         = {2018}
}

@article{mysen2017,
    author       = {Eirik Mysen},
    title        = {On the equivalence of {K}alman filtering and least-squares estimation},
    journal      = {Journal of Geodesy},
    year         = 2017,
    volume       = 91,
    number       = 1,
    pages        = {41--52},
    issn         = {1432-1394},
    doi          = {10.1007/s00190-016-0936-3},
}

@unpublished{mysen2017b,
    author       = {Eirik Mysen},
    title        = {On the origin and determination of variance components in a stochastic framework},
    note         = {In progress},
}

@misc{naifid,
    title        = {{NAIF Integer ID codes}},
    howpublished = {\url{http://naif.jpl.nasa.gov/pub/naif/toolkit_docs/FORTRAN/req/naif_ids.html}},
    note         = {Accessed: 2016-12-13}
}

@article{nothnagel2009,
    author       = {Axel Nothnagel},
    title        = {Conventions on thermal expansion modelling of radio telescopes for geodetic and astrometric {VLBI}},
    journal      = {Journal of Geodesy},
    year         = 2009,
    volume       = 83,
    number       = 8,
    pages        = {787--792},
    issn         = {1432-1394},
    doi          = {10.1007/s00190-008-0284-z},
}

@article{oesterwinter1972,
    author       = {Claus Oesterwinter AND Charles J Cohen},
    title        = {New Orbital Elements for Moon and Planets},
    journal      = {Celestial Mechanics},
    year         = 1972,
    volume       = 5,
    number       = {},
    pages        = {329--333},
    issn         = {},
    doi          = {},
}

@manual{ogp2011,
    title        = {Coordinate conversions and transformations including formulas},
    organization = {OGP},
    key          = {373-7-2},
    note         = {Guidance note number 7, part 2},
    year         = {2011}
}

@inproceedings{perez2019,
    author       = {J. A. López Pérez AND P. de Vicente AND J. A. López Fernández AND F. Tercero Martìnez AND J. D. Gallego AND
			J. M. Serna Puente AND I. López Fernández AND M. Dìez González AND I. Malo Gómez AND C. Albo Castaño AND
			L. Barbas Calvo, O. Garc´ıa Pérez, J. Gonz ´alez Garcìa, B. Vaquero Jiménez, M. Patino Esteban,
			P. Garcìa Carreño AND F. J. Beltrán Martìnez AND M. Bautista Durán AND J. López Ramasco AND R. Amils Samalot AND
			G. Gómez Molina AND A. Baldominos Delgado},
    booktitle    = {Proceedings of the 24th European VLBI Group for Geodesy and Astrometry Working Meeting},
    title        = {Instrumentation Developments for VGOS at IGN Yebes Observatory},
    year         = {2019},
    editor       = {Haas, R. AND Garcia-Espada, S. AND López Fernández, J. A.},
    isbn         = {978-84-416-5634-5},
    doi          = {10.7419/162.08.2019}
}
%ì ó á ñ
@article{peterson2009,
    author       = {Pearu Peterson},
    title        = {{F2PY}: a tool for connecting {F}ortran and {P}ython programs},
    journal      = {International Journal of Computational Science and Engineering},
    year         = 2009,
    volume       = 4,
    number       = 4,
    pages        = {296--305},
    doi          = {10.1504/IJCSE.2009.029165},
    url          = {https://docs.scipy.org/doc/numpy-dev/f2py},
}

@misc{ray2010,
    author       = {Jim Ray and Werner Gurtner},
    title        = {{RINEX} Extensions to Handle Clock Information, Version 3.02},
    url          = {https://igscb.jpl.nasa.gov/igscb/data/format/rinex_clock302.txt},
    year         = 2010
}

@misc{rinex2,
    author       = {Gurtner, W. AND Estey, L.},
    title        = {RINEX: The Receiver Independent Exchange Format Version 2.11},
    url          = {https://igscb.jpl.nasa.gov/igscb/data/format/rinex211.txt},
    year         = {2012}
}

@misc{rinex3,
    author       = {Gurtner, W. AND Estey, L.},
    title        = {RINEX: The Receiver Independent Exchange Format Version 3.03},
    url          = {https://igscb.jpl.nasa.gov/igscb/data/format/rinex303.pdf},
    year         = {2015}
}

@inproceedings{saastamoinen1972,
    author       = {Saastamoinen, J.},
    title        = {Atmospheric correction for the troposphere and stratosphere in radio ranging of satellites},
    editor       = {Henriksen, S. W.},
    series       = {Geophysical monograph series},
    booktitle    = {The use of artifical satellites for geodesy},
    organization = {AGU},
    address      = {Washington, D.C.},
    volume       = {15},
    pages        = {247-251}, 
    year         = {1972}
}

@article{schuh2012,
    title        = {{VLBI}: A fascinating technique for geodesy and astrometry},
    journal      = {Journal of Geodynamics},
    volume       = {61},
    pages        = {68 - 80},
    year         = {2012},
    issn         = {0264-3707},
    doi          = {https://doi.org/10.1016/j.jog.2012.07.007},
    url          = {http://www.sciencedirect.com/science/article/pii/S0264370712001159},
    author       = {Schuh, H. and Behrend, D.},
    keywords     = {Very Long Baseline Interferometry (VLBI), IVS, VLBI2010, CRF, TRF, Earth orientation, Global Geodetic Observing System (GGOS)}
}

@inproceedings{schuler2018,
    author       = {Torben Schüler AND Thomas Klügel AND Swetlana Mähler AND Christian Plötz },
    title        = {Local Radio Telescope Ties from the Wettzell Precision Engineering Surveying Network},
    booktitle    = {Global Geodesy and the Role of VGOS - Fundamental to Sustainable Development},
    editor       = {Dirk Behrend AND Karen D. Baver AND Kyla L. Armstrong},
    series       = {IVS General Meeting Proceedings},
    organization = {IVS},
    key          = {NASA/CP-2019-219039},
    year         = 2018
}

@article{schenewerk2002,
    author       = {Schenewerk, M.},
    title        = {A brief review of basic GPS orbit interpolation strategies},
    journal      = {GPS Solutions},
    volume       = {6},
    number       = {4},
    pages        = {265-267},
    note         = {DOI 10.1007/s10291-002-0036-0},
    year         = {2002}
}

@misc{sinex_bias,
    author       = {{Schaer, Stefan}},
    title        = {{SINEX BIAS-Solution (Software/technique) INdependent EXchange Format for GNSS Biases Version 1.00}},
    note         = {December 7, 2016}, 
    year         = {2016}
}

@book{subirana2013,
    author       = {Sanz Subirana, J. AND Juan Zornoza, J.M. AND Hernandez-Pajares, M.},
    title        = {GNSS Data Processing, Volume I: Fundamentals and Algorithms, ESA TM-23/1},
    publisher    = {ESA Communications, Netherlands},
    year         = {2013},
    isbn         = {978-92-9221-886-7},
    url          = {http://gage.upc.edu/gnss_book}
}

@article{remondi2004,
    author       = {Remondi, B. W.},
    title        = {Computing Satellite Velocity using the Broadcast Ephemeris},
    journal      = {GPS Solutions},
    volume       = {8},
    number       = {2},
    year         = {2004}
}

@misc{sofa_software,
    author       = {{IAU SOFA Board}},
    title        = {{IAU} {SOFA} Software Collection},
    edition      = {Issue 2016-05-03},
    url          = {www.iausofa.org},
 }
@techreport{tangen2021,
  author      = {Oddvar B. Tangen AND Ove C. D. Omang AND Damien Pesce},
  title       = {{ITRF} Local tie survey at the geodetic observatory at Brandal, Ny-Ålesund Svalbard},
  institution = {Norwegian Mapping Authority},
  year        = {2021},
  number      = {19/04811-12},
  note        = {https://www.kartverket.no/globalassets/forskning-og-utvikling/rapporter/local-tie-brandal-itrf14.pdf}
}

@inproceedings{teke2008,
    author       = {Kamil Teke AND Robert Heinkelmann AND Johannes Böhm AND Harald Schuh},
    title        = {{VLBI} Baseline Length Repeatability Tests of IVS-R1 and -R4 Session Types},
    editor       = {Andrey Finkelstein AND Dirk Behrend},
    series       = {IVS General Meeting Proceedings},
    booktitle    = {MEASURING THE FUTURE},
    organization = {IVS},
    isbn         = {78-5-02-025332-2},
    volume       = {NASA/CP-2016-219016},
    year         = 2008,
    url          = {https://ivscc.gsfc.nasa.gov/publications/gm2008/teke.pdf}
}

@phdthesis{teke2011,
    author       = {Kamil Teke},
    title        = {Sub-daily parameter estimation in {VLBI} data analysis},
    school       = {Technische Universit\"at Wien},
    year         = {2011},
    url          = {https://geo.tuwien.ac.at/fileadmin/editors/GM/GM87_teke.pdf}
}

@book{teunissen2017,
    author      = {Teunissen, P. J. G. AND Montenbruck, O.},
    title       = {{Springer Handbook of Global Navigation Satellite Systems}},
    edition     = {1th},
    publisher   = {Springer},
    note        = {ISBN: 978-3-319-42926-7},
    year        = {2017}
}

@phdthesis{thaller2008,
    author       = {Daniela Thaller},
    title        = {Inter-technique combination based on homogeneous normal equation systems including station coordinates, Earth orientation and troposphere parameters},
    school       = {Technische Universit\"at M\"unchen},
    year         = {2008},
    url          = {https://mediatum.ub.tum.de/doc/635109/document.pdf}
}


@misc{un_ggrf,
    author       = {{UN Working group on Global Geodetic Reference Frame}},
    url          = {ggim.un.org/UN_GGIM_wg1.html}
}


@article{wu1993,
    author       = {Wu, J. T. AND Wu, S. C. AND Hajj, G. A. AND Bertiguer, W. I. AND Lichten, S. M.},
    title        = {Effects of Antenna Orientation on {GPS} Carrier Phase Measurements},
    journal      = {Manuscripta Geodaetica},
    volume       = {18},
    pages        = {91-98},
    year         = {1993}
} 

@unpublished{where_joss,
    author       = {Geir Arne Hjelle AND Ann-Silje Kirkvik AND Michael D\"ahnn AND Ingrid Fausk},
    title        = {Where: A Scientific Python Package for Geodetic Analysis},
    note         = {In preparation}
}
